<?xml version="1.0" encoding="UTF-8"?><record xmlns="http://www.loc.gov/MARC21/slim" xmlns:cinclude="http://apache.org/cocoon/include/1.0" xmlns:zs="http://www.loc.gov/zing/srw/">
  <leader>00963cz  a2200229n  4500</leader>
  <controlfield tag="001">n 2001005903</controlfield>
  <controlfield tag="003">DLC</controlfield>
  <controlfield tag="005">20120922074854.0</controlfield>
  <controlfield tag="008">010613n| azannaabn          |a ana      </controlfield>
  <datafield tag="010" ind1=" " ind2=" ">
    <subfield code="a">n 2001005903</subfield>
  </datafield>
  <datafield tag="035" ind1=" " ind2=" ">
    <subfield code="a">(OCoLC)oca05511308</subfield>
  </datafield>
  <datafield tag="035" ind1=" " ind2=" ">
    <subfield code="a">(Uk)003729358</subfield>
  </datafield>
  <datafield tag="040" ind1=" " ind2=" ">
    <subfield code="a">DLC</subfield>
    <subfield code="b">eng</subfield>
    <subfield code="c">DLC</subfield>
    <subfield code="e">rda</subfield>
    <subfield code="d">DLC</subfield>
    <subfield code="d">IEN</subfield>
    <subfield code="d">Uk</subfield>
    <subfield code="d">DLC</subfield>
  </datafield>
  <datafield tag="046" ind1=" " ind2=" ">
    <subfield code="s">20000827</subfield>
    <subfield code="t">20000903</subfield>
  </datafield>
  <datafield tag="111" ind1="2" ind2=" ">
    <subfield code="a">RoboCup (Conference)</subfield>
    <subfield code="n">(4th :</subfield>
    <subfield code="d">2000 :</subfield>
    <subfield code="c">Melbourne, Vic.)</subfield>
  </datafield>
  <datafield tag="368" ind1=" " ind2=" ">
    <subfield code="a">Conference</subfield>
  </datafield>
  <datafield tag="370" ind1=" " ind2=" ">
    <subfield code="e">Melbourne, Vic.</subfield>
  </datafield>
  <datafield tag="372" ind1=" " ind2=" ">
    <subfield code="a">Robotics in sports</subfield>
    <subfield code="2">lcsh</subfield>
  </datafield>
  <datafield tag="411" ind1="2" ind2=" ">
    <subfield code="a">Robot Soccer World Cup</subfield>
    <subfield code="n">(4th :</subfield>
    <subfield code="d">2000 :</subfield>
    <subfield code="c">Melbourne, Vic.)</subfield>
  </datafield>
  <datafield tag="411" ind1="2" ind2=" ">
    <subfield code="a">Robot World Cup Soccer Games and Conferences</subfield>
    <subfield code="n">(4th :</subfield>
    <subfield code="d">2000 :</subfield>
    <subfield code="c">Melbourne, Vic.)</subfield>
  </datafield>
  <datafield tag="411" ind1="2" ind2=" ">
    <subfield code="w">nne</subfield>
    <subfield code="a">RoboCup 2000</subfield>
    <subfield code="d">(2000 :</subfield>
    <subfield code="c">Melbourne, Vic.)</subfield>
  </datafield>
  <datafield tag="670" ind1=" " ind2=" ">
    <subfield code="a">RoboCup 2000 (2000 : Melbourne, Australia). RoboCup 2000, 2001:</subfield>
    <subfield code="b">CIP t.p. (RoboCup 2000; Robot Soccer World Cup IV) pref. (Fourth Robot World Cup Soccer Games amd Conferences, Aug. 27-Sept. 3, Melbourne, Australia)</subfield>
  </datafield>
</record>